@article{bechhofer2013linked,
  title={Why linked data is not enough for scientists},
  author={Bechhofer, S. and Buchan, I. and De Roure, D. and Missier, P. and Ainsworth, J. and Bhagat, J. and Couch, P. and Cruickshank, D. and Delderfield, M. and Dunlop, I. and others},
  journal={Future Generation Computer Systems},
  volume={29},
  number={2},
  pages={599--611},
  year={2013},
  publisher={Elsevier}
}



@inproceedings{biasini2021fullbrain,
  author    = {M. Biasini and
               V. Carmignani and
               N. Ferro and
               P. Filianos and
               M. Maistro and
               G. M. Di Nunzio},
  title     = {FullBrain: a Social E-learning Platform},
  booktitle = {Proceedings of the 17th Italian Research Conference on Digital Libraries},
  series    = {{CEUR} Workshop Proceedings},
  volume    = {2816},
  pages     = {25--41},
  publisher = {CEUR-WS.org},
  year      = {2021},
  url       = {http://ceur-ws.org/Vol-2816/paper3.pdf},
  timestamp = {Mon, 01 Mar 2021 17:21:10 +0100},
  biburl    = {https://dblp.org/rec/conf/ircdl/BiasiniC0FMN21.bib},
  bibsource = {dblp computer science bibliography, https://dblp.org}
}



@article{biasini2021fullbrain,
  title={FullBrain: a Social E-learning Platform},
  author={Biasini, M. and Carmignani, V. and Ferro, N. and Filianos, P. and Maistro, M. and di Nunzio, G. M.},
  year={2021}
}



@inproceedings{GargiuloGTZ21,
  author    = {Gargiulo, P. and
               Galimberti, P. and
               A. M. Tammaro and
               A. Zane},
  title     = {{FAIR} {RDM} (Research Data Management): Italian Initiatives Towards
               {EOSC} Implementation},
  booktitle = {Proceedings of the 17th Italian Research Conference on Digital Libraries},
  series    = {{CEUR} Workshop Proceedings},
  volume    = {2816},
  pages     = {42--52},
  publisher = {CEUR-WS.org},
  year      = {2021},
  url       = {http://ceur-ws.org/Vol-2816/paper4.pdf},
  timestamp = {Mon, 01 Mar 2021 17:21:10 +0100},
  biburl    = {https://dblp.org/rec/conf/ircdl/GargiuloGTZ21.bib},
  bibsource = {dblp computer science bibliography, https://dblp.org}
}



@inproceedings{BaglioniMMABB21,
  author    = {M. Baglioni and
               A. Mannocci and
               P. Manghi and
               C. Atzori and
               A. Bardi and
               S. La Bruzzo},
  title     = {Reflections on the Misuses of {ORCID} iDs},
  booktitle = {Proceedings of the 17th Italian Research Conference on Digital Libraries},
  series    = {{CEUR} Workshop Proceedings},
  volume    = {2816},
  pages     = {117--125},
  publisher = {CEUR-WS.org},
  year      = {2021},
  url       = {http://ceur-ws.org/Vol-2816/paper10.pdf},
  timestamp = {Mon, 01 Mar 2021 17:21:10 +0100},
  biburl    = {https://dblp.org/rec/conf/ircdl/BaglioniMMABB21.bib},
  bibsource = {dblp computer science bibliography, https://dblp.org}
}




@inproceedings{ZanichelliETTC21,
  author    = {F. Zanichelli and
               M. Encheva and
               B. Thabet and
               A. M. Tammaro and
               G. Conti},
  title     = {Serious Games for Information Literacy: Assessing Learning in the
               {NAVIGATE} Project},
  booktitle = {Proceedings of the 17th Italian Research Conference on Digital Libraries},
  series    = {{CEUR} Workshop Proceedings},
  volume    = {2816},
  pages     = {78--90},
  publisher = {CEUR-WS.org},
  year      = {2021},
  url       = {http://ceur-ws.org/Vol-2816/paper7.pdf},
  timestamp = {Mon, 01 Mar 2021 17:21:10 +0100},
  biburl    = {https://dblp.org/rec/conf/ircdl/ZanichelliETTC21.bib},
  bibsource = {dblp computer science bibliography, https://dblp.org}
}



@inproceedings{AvanziCCG021,
  author    = {Avanzi, M. and
               R. Coniglio and
               G. Cisotto and
               M. Giordani and
               N. Ferro},
  title     = {NoBis: {A} Crowd Monitoring Service Against {COVID-19}},
  booktitle = {Proceedings of the 17th Italian Research Conference on Digital Libraries},
  series    = {{CEUR} Workshop Proceedings},
  volume    = {2816},
  pages     = {126--137},
  publisher = {CEUR-WS.org},
  year      = {2021},
  url       = {http://ceur-ws.org/Vol-2816/paper11.pdf},
  timestamp = {Mon, 01 Mar 2021 17:21:10 +0100},
  biburl    = {https://dblp.org/rec/conf/ircdl/AvanziCCG021.bib},
  bibsource = {dblp computer science bibliography, https://dblp.org}
}



@inproceedings{SpadiSD21,
  author    = {A. Spadi and
               F. Spinelli and
               E. Degl'Innocenti},
  title     = {{RESTORE:} Smart Access to Digital Heritage and Memory},
  booktitle = {Proceedings of the 17th Italian Research Conference on Digital Libraries},
  series    = {{CEUR} Workshop Proceedings},
  volume    = {2816},
  pages     = {178--185},
  publisher = {CEUR-WS.org},
  year      = {2021},
  url       = {http://ceur-ws.org/Vol-2816/short6.pdf},
  timestamp = {Mon, 01 Mar 2021 17:21:10 +0100},
  biburl    = {https://dblp.org/rec/conf/ircdl/SpadiSD21.bib},
  bibsource = {dblp computer science bibliography, https://dblp.org}
}



@inproceedings{IrreraS21,
  author    = {O. Irrera and
               G. Silvello},
  title     = {Background Linking: Joining Entity Linking with Learning to Rank Models},
  booktitle = {Proceedings of the 17th Italian Research Conference on Digital Libraries},
  series    = {{CEUR} Workshop Proceedings},
  volume    = {2816},
  pages     = {64--77},
  publisher = {CEUR-WS.org},
  year      = {2021},
  url       = {http://ceur-ws.org/Vol-2816/paper6.pdf},
  timestamp = {Mon, 01 Mar 2021 17:21:10 +0100},
  biburl    = {https://dblp.org/rec/conf/ircdl/IrreraS21.bib},
  bibsource = {dblp computer science bibliography, https://dblp.org}
}




@inproceedings{LancioniMP0T21,
  author    = {G. Lancioni and
               S. S. Mohamed and
               B. Portelli and
               G. Serra and
               C. Tasso},
  title     = {Efficient Keyphrase Generation with GANs},
  booktitle = {Proceedings of the 17th Italian Research Conference on Digital Libraries},
  series    = {{CEUR} Workshop Proceedings},
  volume    = {2816},
  pages     = {1--12},
  publisher = {CEUR-WS.org},
  year      = {2021},
  url       = {http://ceur-ws.org/Vol-2816/paper1.pdf},
  timestamp = {Mon, 01 Mar 2021 17:21:10 +0100},
  biburl    = {https://dblp.org/rec/conf/ircdl/LancioniMP0T21.bib},
  bibsource = {dblp computer science bibliography, https://dblp.org}
}



@inproceedings{Ferrante0P21,
  author    = {M. Ferrante and
               N. Ferro and
               L. Piazzon},
  title     = {s-AWARE: Using Crowd Judgements in Supervised Measure-Based Methods
               for {IR} Evaluation},
  booktitle = {Proceedings of the 17th Italian Research Conference on Digital Libraries},
  series    = {{CEUR} Workshop Proceedings},
  volume    = {2816},
  pages     = {162--168},
  publisher = {CEUR-WS.org},
  year      = {2021},
  url       = {http://ceur-ws.org/Vol-2816/short4.pdf},
  timestamp = {Mon, 01 Mar 2021 17:21:10 +0100},
  biburl    = {https://dblp.org/rec/conf/ircdl/Ferrante0P21.bib},
  bibsource = {dblp computer science bibliography, https://dblp.org}
}




@inproceedings{FanteN21,
  author    = {D. Del Fante and
               G. M. di Nunzio},
  title     = {A Quantitative/Qualitative Approach to {OCR} Error Detection and Correction
               in Old Newspapers for Corpus-assisted Discourse Studies},
  booktitle = {Proceedings of the 17th Italian Research Conference on Digital Libraries},
  series    = {{CEUR} Workshop Proceedings},
  volume    = {2816},
  pages     = {53--63},
  publisher = {CEUR-WS.org},
  year      = {2021},
  url       = {http://ceur-ws.org/Vol-2816/paper5.pdf},
  timestamp = {Mon, 01 Mar 2021 17:21:10 +0100},
  biburl    = {https://dblp.org/rec/conf/ircdl/FanteN21.bib},
  bibsource = {dblp computer science bibliography, https://dblp.org}
}



@inproceedings{HeilNH21,
  author    = {R. Heil and
               M. Nauwerck and
               A. Hast},
  title     = {Shorthand Secrets: Deciphering Astrid Lindgren's Stenographed Drafts
               with {HTR} Methods},
  booktitle = {Proceedings of the 17th Italian Research Conference on Digital Libraries},
  series    = {{CEUR} Workshop Proceedings},
  volume    = {2816},
  pages     = {169--177},
  publisher = {CEUR-WS.org},
  year      = {2021},
  url       = {http://ceur-ws.org/Vol-2816/short5.pdf},
  timestamp = {Mon, 01 Mar 2021 17:21:10 +0100},
  biburl    = {https://dblp.org/rec/conf/ircdl/HeilNH21.bib},
  bibsource = {dblp computer science bibliography, https://dblp.org}
}



@inproceedings{MarinaiPRS21,
  author    = {S. Marinai and
               G. Pomaro and
               C. Raffaelli and
               F. Scandiffio},
  title     = {Location of Simple Graphemes in Mediaeval Manuscripts based on Mask
               {R-CNN}},
  booktitle = {Proceedings of the 17th Italian Research Conference on Digital Libraries},
  series    = {{CEUR} Workshop Proceedings},
  volume    = {2816},
  pages     = {103--116},
  publisher = {CEUR-WS.org},
  year      = {2021},
  url       = {http://ceur-ws.org/Vol-2816/paper9.pdf},
  timestamp = {Mon, 01 Mar 2021 17:21:10 +0100},
  biburl    = {https://dblp.org/rec/conf/ircdl/MarinaiPRS21.bib},
  bibsource = {dblp computer science bibliography, https://dblp.org}
}



@inproceedings{BernasconiCM21,
  author    = {E. Bernasconi and
               M. Ceriani and
               M. Mecella},
  title     = {Exploring a Text Corpus via a Knowledge Graph},
  booktitle = {Proceedings of the 17th Italian Research Conference on Digital Libraries,
               Padua, Italy (virtual event due to the Covid-19 pandemic), February
               18-19, 2021},
  series    = {{CEUR} Workshop Proceedings},
  volume    = {2816},
  pages     = {91--102},
  publisher = {CEUR-WS.org},
  year      = {2021},
  url       = {http://ceur-ws.org/Vol-2816/paper8.pdf},
  timestamp = {Mon, 01 Mar 2021 17:21:10 +0100},
  biburl    = {https://dblp.org/rec/conf/ircdl/BernasconiCM21.bib},
  bibsource = {dblp computer science bibliography, https://dblp.org}
}


